@article{lit:Doust2014,
	author = {Rahmani Doust, Mohammad Hossein},
	year = {2014},
	month = {03},
	pages = {6-13},
	title = {THE LOTKA-VOLTERRA FOOD CHAIN MODEL: THEORY AND IMPORTANCE},
	volume = {16}
}
@BOOK{lit:Foellinger1982,
	AUTHOR = {F\"{o}llinger, Otto AND Franke, Dieter},
	YEAR = {1982},
	TITLE = {Einf\"{u}hrung in die Zustandsbeschreibung dynamischer Systeme - mit einer Anleitung zur Matritzenrechnung},
	EDITION = {},
	ISBN = {978-3-486-26551-4},
	PUBLISHER = {Oldenbourg},
	ADDRESS = {Deutschland},
}

@BOOK{lit:Kalman2017,
	AUTHOR = {{Marchthaler, Reiner und Dingler, Sebastian}},
	TITLE = {Kalman-Filter: Einf\"{u}hrung in die Zustandssch\"{a}tzung und ihre Anwendung f\"{u}r eingebettete Systeme},
	PUBLISHER = "Springer International" ,
	YEAR = "2017",
	ADDRESS = "Wiesbaden, Germany",
	NOTE = ""
}
@book{lit:Helmreich2011,
	AUTHOR = {Helmreich, Magdalena},
	TITLE = {Das R\"{a}uber-Beute-System nach Lotka-Volterra in der \"{O}kologie und Analogien in Spieldynamik und Populationsgenetik},
	PUBLISHER = "Wien, Techn. Univ., Dipl.-Arb.",
	YEAR = {2011},
	url = "https://permalink.catalogplus.tuwien.at/AC07811672"
}
@misc{lit:param,
	title = {R\"{a}uber-Beute-Modell},
	url = "https://systemdesign.ch/wiki/R%C3%A4uber-Beute-Modell",
	year = {2008},
	note = "Letzter Zugriff: 15.02.2021"
}
@BOOK{lit:Koch2015,
	AUTHOR = {Koch, J\"{u}rgen AND St\"{a}mpfle, Martin},
	YEAR = {2015},
	TITLE = {{Mathematik f\"{u}r das Ingenieurstudium}},
	EDITION = {3},
	ISBN = {978-3-446-44158-3},
	PUBLISHER = {Carl Hanser Verlag GmbH \& Co. KG},
	ADDRESS = {M\"{u}nchen},
}
@misc{lit:ode45,
	title = {ode45},
	url = "https://de.mathworks.com/help/matlab/ref/ode45.html",
	author = {{The MathWorks Inc.}},
	year = {2021},
	note = "Letzter Zugriff: 15.02.2021"
}
@misc{lit:law,
	title = {{Modellierung von Wachstumsprozessen und Populationsdynamik [Vorlesungsskript]}},
	url = "https://tu-dresden.de/mn/math/analysis/das-institut/memberbereiche/frank_martin.morherr/ressourcen/dateien/vortraege-und-workshops/ModellierungvonWachstumsprozessen.pdf?lang=de",
	author = {{Dr. rer. nat. Frank Morherr}},
	howpublished = {Technische Universit\"{a}t Dresden},
	year = {2018},
	note = "Letzter Zugriff: 15.02.2021"
}