@misc{lit:intro,
	author = "{Association for Safe International Road Travel}",
	title = {{Road Safety Facts}},
	year = "2021",
	url = "https://www.asirt.org/safe-travel/road-safety-facts/",
	note = ""
}
@misc{lit:af:lvl,
	author = "{ADAC e.V.}",
	title = {{Autonomes Fahren: Die 5 Stufen zum selbstfahrenden Auto}},
	year = "2018",
	url = "https://www.adac.de/rund-ums-fahrzeug/ausstattung-technik-zubehoer/autonomes-fahren/grundlagen/autonomes-fahren-5-stufen/?redirectId=quer.5stufen",
	note = ""
}
@misc{lit:af:sensoren,
	author = {{Infineon Technologies AG}},
	title = {{Vom assistierten zum automatisierten Fahren}},
	url = "https://www.infineon.com/cms/de/discoveries/adas-to-ad/",
	note = ""
}
@misc{lit:af:chancen,
	author = {Friedemann Kallmeyer},
	title = {{Autonomes Fahren - Chancen und Herausforderungen}},
	year = "2019",
	month = "12",
	url = "https://www.zukunft-mobilitaet.net/170765/strassenverkehr/autonomes-fahren-chancen-und-herausforderungen-sae-level5/",
	note = ""
}
@misc{lit:af:unfall,
	author = "{Statistisches Bundesamt}",
	title = {{Unfallentwicklung auf deutschen Straßen 2017}},
	year = "2018",
	url = "https://www.destatis.de/DE/Presse/Pressekonferenzen/2018/Verkehrsunfaelle-2017/statement-nfallentwicklung.pdf?__blob=publicationFile",
	note = ""
}
@misc{lit:af:prognose,
	author = "{ADAC e.V.}",
	title = {{Autonomes Fahren: Digital entspannt in die Zukunft}},
	year = "2020",
	url = "https://www.adac.de/rund-ums-fahrzeug/ausstattung-technik-zubehoer/autonomes-fahren/technik-vernetzung/aktuelle-technik/",
	note = ""
}
@misc{lit:af:deloitte,
	author = "{Deloitte}",
	title = {{Autonomes Fahren in Deutschland - wie Kunden überzeugt werden}},
	year = "2016",
	url = "https://www2.deloitte.com/content/dam/Deloitte/de/Documents/consumer-industrial-products/Autonomes-Fahren-komplett-safe-Sep2016.pdf",
	note = ""
}
@misc{lit:af:ethik,
	author = "{Bundesministerium für Verkehr und digitale Infrastruktur}",
	title = {{Ethik-Kommission: Automatisiertes und vernetztes Fahren}},
	year = "2017",
	url = "https://www.bmvi.de/SharedDocs/DE/Publikationen/DG/bericht-der-ethik-kommission.pdf?__blob=publicationFile",
	note = ""
}
@misc{lit:af:cyber,
	author = "{ADAC e.V.}",
	title = {{Autonomes Fahren: Gefahr durch Hacker?}},
	year = "2021",
	url = "https://www.adac.de/rund-ums-fahrzeug/ausstattung-technik-zubehoer/autonomes-fahren/recht/autonomes-fahren-hacker-angriff/",
	note = ""
}
@misc{lit:ki:def,
	author = {Döbel, {Inga} and Leis, Miriam and Vogelsang, {Manuel Molina} and Neustroev, {Dmitry} and Petzka, Henning and Riemer, {Annamaria} and Rüping, Stefan and Voss, Angelika and Wegele, {Martin} and Welz, Juliane},
	title = {{Maschinelles Lernen: Eine Analyse zu Kompetenzen, Forschung und Anwendung}},
	year = "2018",
	url = "https://www.bigdata-ai.fraunhofer.de/content/dam/bigdata/de/documents/Publikationen/Fraunhofer_Studie_ML_201809.pdf",
	PUBLISHER = "Fraunhofer-Gesellschaft zur Förderung der angewandten Forschung e.V.",
	ADDRESS = "München",
	note = ""
}
@misc{lit:ki:anw,
	author = "{Fraunhofer-Institut für Kognitive Systeme IKS}",
	title = {{Künstliche Intelligenz (KI) und maschinelles Lernen}},
	year = "2021",
	url = "https://www.iks.fraunhofer.de/de/themen/kuenstliche-intelligenz.html",
	note = ""
}
@BOOK{lit:Raschka2019,
	AUTHOR = {Raschka, Sebastian AND Mirjalili, Vahid},
	YEAR = {2019},
	TITLE = {{Python Machine Learning - Machine Learning and Deep Learning with Python, scikit-learn, and TensorFlow 2}},
	EDITION = {3},
	ISBN = {978-1-789-95829-4},
	PUBLISHER = {Packt Publishing Ltd.},
	ADDRESS = {Birmingham, UK}
}
@BOOK{lit:Foster2020,
	AUTHOR = {Foster, David},
	YEAR = {2020},
	TITLE = {{Generatives Deep Learning - Maschinen das Malen, Schreiben und Komponieren beibringen}},
	EDITION = {},
	ISBN = {978-3-960-10356-1},
	PUBLISHER = {O'Reilly},
	ADDRESS = {Sebastopol}
}
@misc{lit:Goodfellow2014,
	title={{Generative Adversarial Networks}}, 
	author={Ian J. Goodfellow and Jean Pouget-Abadie and Mehdi Mirza and Bing Xu and David Warde-Farley and Sherjil Ozair and Aaron Courville and Yoshua Bengio},
	year={2014},
	eprint={1406.2661},
	archivePrefix={arXiv},
	primaryClass={stat.ML}
}
@misc{lit:Goodfellow2017,
	title={{NIPS 2016 Tutorial: Generative Adversarial Networks}}, 
	author={Ian Goodfellow},
	year={2017},
	eprint={1701.00160},
	archivePrefix={arXiv},
	primaryClass={cs.LG}
}
@misc{lit:time:tax,
	author = {David M. Meko},
	title = {{Time Series Analysis}},
	url = "https://imedea.uib-csic.es/master/cambioglobal/Modulo_V_cod101615/Theory/TSA_theory_part1.pdf",
	note = ""
}
@BOOK{lit:Kreiss2006,
	AUTHOR = {Kreiß, Jens-Peter AND Neuhaus, Georg},
	YEAR = {2006},
	TITLE = {{Einführung in die Zeitreihenanalyse}},
	EDITION = {},
	ISBN = {978-3-540-33571-9},
	PUBLISHER = {Springer-Verlag},
	ADDRESS = {Berlin Heidelberg New York}
}
@book{lit:Marchthaler2017,
	doi = {10.1007/978-3-658-16728-8},
	url = {https://doi.org/10.1007/978-3-658-16728-8},
	year = {2017},
	publisher = {Springer Fachmedien Wiesbaden},
	author = {Reiner Marchthaler and Sebastian Dingler},
	title = {Kalman-Filter}
}
@book{lit:Puhani2020,
	doi = {10.1007/978-3-658-28955-3},
	url = {https://doi.org/10.1007/978-3-658-28955-3},
	year = {2020},
	edition = {13},
	publisher = {Springer Fachmedien Wiesbaden},
	author = {Josef Puhani},
	title = {Statistik}
}
@book{lit:Mittag2020,
	doi = {10.1007/978-3-662-61912-4},
	url = {https://doi.org/10.1007/978-3-662-61912-4},
	year = {2020},
	edition = {6},
	publisher = {Springer Berlin Heidelberg},
	author = {Hans-Joachim Mittag and Katharina Sch\"{u}ller},
	title = {Statistik}
}
@book{lit:Deza2013,
	doi = {10.1007/978-3-642-30958-8},
	url = {https://doi.org/10.1007/978-3-642-30958-8},
	year = {2013},
	publisher = {Springer Berlin Heidelberg},
	author = {Michel Marie Deza and Elena Deza},
	title = {{Encyclopedia of Distances}}
}
@article{lit:entropy:Csiszar2008,
	doi = {10.3390/e10030261},
	url = {https://doi.org/10.3390/e10030261},
	year = {2008},
	month = sep,
	publisher = {{MDPI} {AG}},
	volume = {10},
	number = {3},
	pages = {261--273},
	author = {Imre Csisz{\'{a}}r},
	title = {{Axiomatic Characterizations of Information Measures}},
	journal = {Entropy}
}
@article{lit:fdiv:Cichocki2010,
	author = {Cichocki, Andrzej and Amari, Shun-ichi},
	year = {2010},
	month = {06},
	pages = {},
	title = {{Families of Alpha- Beta- and Gamma- Divergences: Flexible and Robust Measures of Similarities}},
	volume = {12},
	journal = {Entropy},
	doi = {10.3390/e12061532}
}
@article{lit:Cha2007,
	author = {Cha, Sung-Hyuk},
	year = {2007},
	month = {01},
	pages = {},
	title = {{Comprehensive Survey on Distance/Similarity Measures Between Probability Density Functions}},
	volume = {1},
	journal = {Int. J. Math. Model. Meth. Appl. Sci.}
}
@inproceedings{lit:Gardner2018,
	author = {Gardner, Paul and Lord, Charles and Barthorpe, Robert},
	year = {2018},
	month = {05},
	pages = {V001T06A001},
	title = {{An Evaluation of Validation Metrics for Probabilistic Model Outputs}},
	doi = {10.1115/VVS2018-9327}
}
@article{lit:Rubner2000,
	author = {Rubner, Yossi and Tomasi, Carlo and Guibas, Leonidas},
	year = {2000},
	month = {11},
	pages = {99-121},
	title = {{The Earth Mover's Distance as a Metric for Image Retrieval}},
	volume = {40},
	journal = {International Journal of Computer Vision},
	doi = {10.1023/A:1026543900054}
}
@misc{lit:Bellemare2017,
	title={{The Cramer Distance as a Solution to Biased Wasserstein Gradients}}, 
	author={Marc G. Bellemare and Ivo Danihelka and Will Dabney and Shakir Mohamed and Balaji Lakshminarayanan and Stephan Hoyer and Rémi Munos},
	year={2017},
	eprint={1705.10743},
	archivePrefix={arXiv},
	primaryClass={cs.LG}
}
@misc{lit:Weng2019,
	title={{From GAN to WGAN}}, 
	author={Lilian Weng},
	year={2019},
	eprint={1904.08994},
	archivePrefix={arXiv},
	primaryClass={cs.LG}
}
@misc{lit:Arjovsky2017,
	title={{Wasserstein GAN}}, 
	author={Martin Arjovsky and Soumith Chintala and Léon Bottou},
	year={2017},
	eprint={1701.07875},
	archivePrefix={arXiv},
	primaryClass={stat.ML}
}
@ARTICLE{lit:Weller2015,
	author={D. J. {Weller-Fahy} and B. J. {Borghetti} and A. A. {Sodemann}},
	journal={IEEE Communications Surveys   Tutorials}, 
	title={{A Survey of Distance and Similarity Measures Used Within Network Intrusion Anomaly Detection}}, 
	year={2015},
	volume={17},
	number={1},
	pages={70-91},
	doi={10.1109/COMST.2014.2336610}
}
@misc{lit:Siahkamari2020,
	title={{Learning to Approximate a Bregman Divergence}}, 
	author={Ali Siahkamari and Xide Xia and Venkatesh Saligrama and David Castanon and Brian Kulis},
	year={2020},
	eprint={1905.11545},
	archivePrefix={arXiv},
	primaryClass={stat.ML}
}
@misc{lit:Munoz2015,
	title={{Level Sets Based Distances for Probability Measures and Ensembles with Applications}}, 
	author={Alberto Muñoz and Gabriel Martos and Javier González},
	year={2015},
	eprint={1504.01664},
	archivePrefix={arXiv},
	primaryClass={stat.ME}
}
@ARTICLE{lit:Wang2004,
	author={ {Zhou Wang} and A. C. {Bovik} and H. R. {Sheikh} and E. P. {Simoncelli}},
	journal={IEEE Transactions on Image Processing}, 
	title={{Image quality assessment: from error visibility to structural similarity}}, 
	year={2004},
	volume={13},
	number={4},
	pages={600-612},
	doi={10.1109/TIP.2003.819861}
}
@INPROCEEDINGS{lit:Parthasarathy2020,
	author={D. {Parthasarathy} and K. {Bäckstrom} and J. {Henriksson} and S. {Einarsdóttir}},
	booktitle={2020 IEEE International Conference On Artificial Intelligence Testing (AITest)}, 
	title={{Controlled time series generation for automotive software-in-the-loop testing using GANs}}, 
	year={2020},
	volume={},
	number={},
	pages={39-46},
	doi={10.1109/AITEST49225.2020.00013}
}
@inbook{lit:Cassisi2012,
	author = {Cassisi, Carmelo and Montalto, Placido and Aliotta, Marco and Cannata, Andrea and Pulvirenti, Alfredo},
	year = {2012},
	month = {09},
	pages = {},
	title = {{Similarity Measures and Dimensionality Reduction Techniques for Time Series Data Mining}},
	isbn = {978-953-51-0748-4},
	doi = {10.5772/49941}
}
@BOOK{lit:Helisch2010,
	AUTHOR = {Helisch, Michael AND Pokoyski, Dietmar},
	YEAR = {2010},
	TITLE = {{Security Awareness - Neue Wege zur erfolgreichen Mitarbeiter-Sensibilisierung}},
	EDITION = {},
	ISBN = {978-3-834-89594-3},
	PUBLISHER = {Springer-Verlag},
	ADDRESS = {Berlin Heidelberg New York},
}
@phdthesis{lit:Schick2021,
	Type = {Dissertation},
	Title = {{Entwurf eines KI-Systems zur automatisierten Erzeugung von realitätsnahen kritischen Fahrsituationen 
	für SW-Algorithmen des autonomen Fahrens}},
	Author = {Nico Schick},
	School = {FernUniversität Hagen},
	Year = {2021 (wird noch veröffentlicht)}
} 
@BOOK{lit:Schick2020,
	AUTHOR = {Schick, Nico},
	YEAR = {2020},
	TITLE = {{Modeling of specific safety-critical driving scenarios for data synthesis in the context of autonomous driving software}},
	EDITION = {},
	ISBN = {978-3-736-96246-0},
	PUBLISHER = {Cuvillier Verlag},
	ADDRESS = {Göttingen},
}